@misc{osdeha_p1,
	howpublished = {\url{https://www.diyaudio.com/community/threads/open-source-dht-estat-headphone-amp-osdeha.407679}}
}

@misc{osdeha_p2,
	howpublished = {\url{https://www.diyaudio.com/community/threads/open-source-dht-estat-headphone-amp-osdeha.407679/post-7565754}}
}

@misc{osdeha_p3,
	howpublished = {\url{https://www.diyaudio.com/community/threads/open-source-dht-estat-headphone-amp-osdeha.407679/post-7567130}}
}

@misc{osdeha_p8,
	howpublished = {\url{https://www.diyaudio.com/community/threads/open-source-dht-estat-headphone-amp-osdeha.407679/post-7572339}}
}

@misc{osdeha_p9,
	howpublished = {\url{https://www.diyaudio.com/community/threads/open-source-dht-estat-headphone-amp-osdeha.407679/post-7572965}}
}

@misc{osdeha_whichDTH,
	howpublished = {\url{https://www.diyaudio.com/community/threads/which-dht-tubes-for-an-electrostatic-tube-amp.408069}}
}

@misc{highamp_estatprinciple,
	howpublished = {\url{http://www.high-amp.de/html/electrostatic-principle.html}}
}

@misc{mogliaa_gyrator,
	howpublished = {\url{https://www.bartola.co.uk/valves/tag/ale-moglia-gyrator}}
}

